@BOOK{Abramowski:1991,
  title = {Geometrisches Modellieren},
  publisher = {B.I. Wissenschaftsverlag},
  year = {1991},
  author = {Abramowski, S. and M{\"u}ller, H.},
  series = {Reihe Informatik},
  address = {Mannheim},
  timestamp = {2012.05.27}
}

